<record><leader>00000cas a22000007a 4500</leader><controlfield tag="001">2252758</controlfield><controlfield tag="008">760620d19021922nduwr ne      0    0eng d</controlfield><datafield ind1=" " ind2=" " tag="010"><subfield code="a">sn 88076182 </subfield></datafield><datafield ind1=" " ind2=" " tag="040"><subfield code="a">MUL</subfield><subfield code="b">eng</subfield><subfield code="c">MUL</subfield><subfield code="d">NOP</subfield><subfield code="d">OCLCQ</subfield></datafield><datafield ind1="0" ind2=" " tag="041"><subfield code="a">eng</subfield><subfield code="a">ger</subfield></datafield><datafield ind1=" " ind2=" " tag="042"><subfield code="a">msc</subfield></datafield><datafield ind1="0" ind2="4" tag="245"><subfield code="a">The Dickey reporter.</subfield></datafield><datafield ind1=" " ind2=" " tag="260"><subfield code="a">Dickey, N.D. :</subfield><subfield code="b">J.D. Rainey</subfield></datafield><datafield ind1=" " ind2=" " tag="300"><subfield code="a">20 volumes :</subfield><subfield code="b">illustrations ;</subfield><subfield code="c">56 cm</subfield></datafield><datafield ind1=" " ind2=" " tag="310"><subfield code="a">Weekly</subfield></datafield><datafield ind1=" " ind2=" " tag="336"><subfield code="a">text</subfield><subfield code="b">txt</subfield><subfield code="2">rdacontent</subfield></datafield><datafield ind1=" " ind2=" " tag="337"><subfield code="a">unmediated</subfield><subfield code="b">n</subfield><subfield code="2">rdamedia</subfield></datafield><datafield ind1=" " ind2=" " tag="338"><subfield code="a">volume</subfield><subfield code="b">nc</subfield><subfield code="2">rdacarrier</subfield></datafield><datafield ind1="1" ind2=" " tag="362"><subfield code="a">Began Dec. 9, 1902.</subfield></datafield><datafield ind1="0" ind2=" " tag="362"><subfield code="a">-v. 20, no. 31 (June 16, 1922).</subfield></datafield><datafield ind1=" " ind2=" " tag="500"><subfield code="a">"Official paper of LaMoure County."</subfield></datafield><datafield ind1=" " ind2=" " tag="500"><subfield code="a">"Dickey Centennial" edition published: June 18-20, 1982.</subfield></datafield><datafield ind1=" " ind2=" " tag="530"><subfield code="a">Available on microfilm from the State Historical Society of North Dakota.</subfield></datafield><datafield ind1=" " ind2=" " tag="546"><subfield code="a">In English with some columns in German (Apr. 1915-June 1916).</subfield></datafield><datafield ind1=" " ind2=" " tag="588"><subfield code="a">Description based on: Vol. 1, no. 13 (Dec. 26, 1902).</subfield></datafield><datafield ind1=" " ind2=" " tag="752"><subfield code="a">United States</subfield><subfield code="b">North Dakota</subfield><subfield code="c">LaMoure</subfield><subfield code="d">Dickey.</subfield></datafield><datafield ind1="0" ind2="4" tag="785"><subfield code="t">LaMoure County chronicle</subfield><subfield code="w">(DLC)sn 87096016</subfield></datafield><datafield ind1="1" ind2=" " tag="029"><subfield code="a">AU@</subfield><subfield code="b">000025836303</subfield></datafield></record>